@article{OntS01,
  author    = {Alexander Maedche and
               Steffen Staab},
  title     = {Ontology Learning for the Semantic Web},
  journal   = {{IEEE} Intelligent Systems},
  volume    = {16},
  number    = {2},
  pages     = {72--79},
  year      = {2001},
}

@inproceedings{BordesUGWY13,
  author    = {Antoine Bordes and
               Nicolas Usunier and
               Alberto Garc{\'{\i}}a{-}Dur{\'{a}}n and
               Jason Weston and
               Oksana Yakhnenko},
  title     = {Translating Embeddings for Modeling Multi-relational Data},
  booktitle = {Advances in Neural Information Processing Systems 26: 27th Annual
               Conference on Neural Information Processing Systems 2013. Proceedings
               of a meeting held December 5-8, 2013, Lake Tahoe, Nevada, United States.},
  pages     = {2787--2795},
  year      = {2013},
  crossref  = {DBLP:conf/nips/2013},
}

@inproceedings{BordesWCB11,
  author    = {Antoine Bordes and
               Jason Weston and
               Ronan Collobert and
               Yoshua Bengio},
  title     = {Learning Structured Embeddings of Knowledge Bases},
  booktitle = {Proceedings of the Twenty-Fifth {AAAI} Conference on Artificial Intelligence,
               {AAAI} 2011, San Francisco, California, USA, August 7-11, 2011},
  year      = {2011},
  crossref  = {DBLP:conf/aaai/2011},
}

@inproceedings{LinLS16,
  author    = {Yankai Lin and
               Zhiyuan Liu and
               Maosong Sun},
  title     = {Knowledge Representation Learning with Entities, Attributes and Relations},
  booktitle = {Proceedings of the Twenty-Fifth International Joint Conference on
               Artificial Intelligence, {IJCAI} 2016, New York, NY, USA, 9-15 July
               2016},
  pages     = {2866--2872},
  year      = {2016},
  crossref  = {DBLP:conf/ijcai/2016},
}

@article{Yang14a,
  author    = {Bishan Yang and
               Wen{-}tau Yih and
               Xiaodong He and
               Jianfeng Gao and
               Li Deng},
  title     = {Embedding Entities and Relations for Learning and Inference in Knowledge
               Bases},
  journal   = {CoRR},
  volume    = {abs/1412.6575},
  year      = {2014},
}

@article{BT11,
  author    = {Jens Lehmann and
               S{\"{o}}ren Auer and
               Lorenz B{\"{u}}hmann and
               Sebastian Tramp},
  title     = {Class expression learning for ontology engineering},
  journal   = {J. Web Sem.},
  volume    = {9},
  number    = {1},
  pages     = {71--81},
  year      = {2011},
}

@inproceedings{CMN13,
  author    = {Richard Socher and
               Danqi Chen and
               Christopher D. Manning and
               Andrew Y. Ng},
  title     = {Reasoning With Neural Tensor Networks for Knowledge Base Completion},
  booktitle = {27th Annual
               Conference on Neural Information Processing Systems 2013.},
  pages     = {926--934},
  year      = {2013},
  crossref  = {DBLP:conf/nips/2013},
}

@article{HHZ15,
  author    = {Han Xiao and
               Minlie Huang and
               Yu Hao and
               Xiaoyan Zhu},
  title     = {TransG : {A} Generative Mixture Model for Knowledge Graph Embedding},
  journal   = {CoRR},
  volume    = {abs/1509.05488},
  year      = {2015},
}

@inproceedings{JiHXL015,
  author    = {Guoliang Ji and
               Shizhu He and
               Liheng Xu and
               Kang Liu and
               Jun Zhao},
  title     = {Knowledge Graph Embedding via Dynamic Mapping Matrix},
  booktitle = {Proceedings of the 53rd Annual Meeting of the Association for Computational
               Linguistics and the 7th International Joint Conference on Natural
               Language Processing of the Asian Federation of Natural Language Processing,
               {ACL} 2015, July 26-31, 2015, Beijing, China, Volume 1: Long Papers},
  pages     = {687--696},
  year      = {2015},
  crossref  = {DBLP:conf/acl/2015-1},
}

@inproceedings{JiLH016,
  author    = {Guoliang Ji and
               Kang Liu and
               Shizhu He and
               Jun Zhao},
  title     = {Knowledge Graph Completion with Adaptive Sparse Transfer Matrix},
  booktitle = {Proceedings of the Thirtieth {AAAI} Conference on Artificial Intelligence,
               February 12-17, 2016, Phoenix, Arizona, {USA.}},
  pages     = {985--991},
  year      = {2016},
  crossref  = {DBLP:conf/aaai/2016},
}

@inproceedings{Lin15,
  author    = {Yankai Lin and
               Zhiyuan Liu and
               Maosong Sun and
               Yang Liu and
               Xuan Zhu},
  title     = {Learning Entity and Relation Embeddings for Knowledge Graph Completion},
  booktitle = {Proceedings of the Twenty-Ninth {AAAI} Conference on Artificial Intelligence,
               January 25-30, 2015, Austin, Texas, {USA.}},
  pages     = {2181--2187},
  year      = {2015},
  crossref  = {DBLP:conf/aaai/2015},
}

@inproceedings{WangZFC14,
  author    = {Zhen Wang and
               Jianwen Zhang and
               Jianlin Feng and
               Zheng Chen},
  title     = {Knowledge Graph Embedding by Translating on Hyperplanes},
  booktitle = {Proceedings of the Twenty-Eighth {AAAI} Conference on Artificial Intelligence,
               July 27 -31, 2014, Qu{\'{e}}bec City, Qu{\'{e}}bec, Canada.},
  pages     = {1112--1119},
  year      = {2014},
  crossref  = {DBLP:conf/aaai/2014},
}

@inproceedings{XiaoE11,
  author    = {Guohui Xiao and
               Thomas Eiter},
  title     = {Inline Evaluation of Hybrid Knowledge Bases - PhD Description},
  booktitle = {Web Reasoning and Rule Systems - 5th International Conference, {RR}
               2011, Galway, Ireland, August 29-30, 2011. Proceedings},
  pages     = {300--305},
  year      = {2011},
  crossref  = {DBLP:conf/rr/2011},
}

@inproceedings{BaaderLB08,
  author    = {Franz Baader and
               Carsten Lutz and
               Sebastian Brandt},
  title     = {Pushing the {EL} Envelope Further},
  booktitle = {Proceedings of the Fourth {OWLED} Workshop on {OWL:} Experiences and
               Directions, Washington, DC, USA, 1-2 April 2008.},
  year      = {2008},
  crossref  = {DBLP:conf/owled/2008-1},
}

@inproceedings{BaaderBL05,
  author    = {Franz Baader and
               Sebastian Brandt and
               Carsten Lutz},
  title     = {Pushing the {EL} Envelope},
  booktitle = {IJCAI-05, Proceedings of the Nineteenth International Joint Conference
               on Artificial Intelligence, Edinburgh, Scotland, UK, July 30 - August
               5, 2005},
  pages     = {364--369},
  year      = {2005},
  crossref  = {DBLP:conf/ijcai/2005},
}

@inproceedings{JiGHZ11,
  author    = {Qiu Ji and
               Zhiqiang Gao and
               Zhisheng Huang and
               Man Zhu},
  title     = {An Efficient Approach to Debugging Ontologies Based on Patterns},
  booktitle = {The Semantic Web - Joint International Semantic Technology Conference,
               {JIST} 2011, Hangzhou, China, December 4-7, 2011. Proceedings},
  pages     = {425--433},
  year      = {2011},
  crossref  = {DBLP:conf/aswc/2011},
}

@article{zhiyuan,
  title={Knowledge Representation Learning: A Review},
  author={Zhiyuan Liu and Maosong Sun and Yankai Lin and Ruobing Xie},
  journal={Journal of Computer Research and Development},
  volume={53},
  number={2},
  pages={247--261},
  year={2016}
}

@inproceedings{DuWM17,
  author    = {Jianfeng Du and
               Hai Wan and
               Huaguan Ma},
  title     = {Practical TBox Abduction Based on Justification Patterns},
  booktitle = {Proceedings of the Thirty-First {AAAI} Conference on Artificial Intelligence,
               February 4-9, 2017, San Francisco, California, {USA.}},
  pages     = {1100--1106},
  year      = {2017},
  crossref  = {DBLP:conf/aaai/2017},
}

@inproceedings{alcTableau,
  author    = {Ken Halland and
               Katarina Britz},
  title     = {ABox abduction in \emph{ALC} using a {DL} tableau},
  booktitle = {2012 South African Institute of Computer Scientists and Information
               Technologists Conference, {SAICSIT} '12, Pretoria, South Africa, October
               1-3, 2012},
  pages     = {51--58},
  year      = {2012},
  crossref  = {DBLP:conf/saicsit/2012},
}

@inproceedings{earlyAbox,
  author    = {Jianfeng Du and
               Guilin Qi and
               Yi{-}Dong Shen and
               Jeff Z. Pan},
  title     = {Towards Practical ABox Abduction in Large {OWL} {DL} Ontologies},
  booktitle = {Proceedings of the Twenty-Fifth {AAAI} Conference on Artificial Intelligence,
               {AAAI} 2011, San Francisco, California, USA, August 7-11, 2011},
  year      = {2011},
  crossref  = {DBLP:conf/aaai/2011},
}

@inproceedings{Tableau,
  author    = {J{\'{u}}lia Pukancov{\'{a}} and
               Martin Homola},
  title     = {Tableau-Based ABox Abduction for Description Logics: Preliminary Report},
  booktitle = {Proceedings of the 29th International Workshop on Description Logics,
               Cape Town, South Africa, April 22-25, 2016.},
  year      = {2016},
  crossref  = {DBLP:conf/dlog/2016},
}

@inproceedings{DBLP:conf/aaai/DuWS15,
  author    = {Jianfeng Du and
               Kewen Wang and
               Yi{-}Dong Shen},
  title     = {Towards Tractable and Practical ABox Abduction over Inconsistent Description
               Logic Ontologies},
  booktitle = {Proceedings of the Twenty-Ninth {AAAI} Conference on Artificial Intelligence,
               January 25-30, 2015, Austin, Texas, {USA.}},
  pages     = {1489--1495},
  year      = {2015},
  crossref  = {DBLP:conf/aaai/2015},
}

@article{class,
  author    = {Birte Glimm and
               Ian Horrocks and
               Boris Motik and
               Rob Shearer and
               Giorgos Stoilos},
  title     = {A novel approach to ontology classification},
  journal   = {J. Web Sem.},
  volume    = {14},
  pages     = {84--101},
  year      = {2012},
}

@article{ptranse,
  author    = {Yankai Lin and
               Zhiyuan Liu and
               Maosong Sun},
  title     = {Modeling Relation Paths for Representation Learning of Knowledge Bases},
  journal   = {CoRR},
  volume    = {abs/1506.00379},
  year      = {2015},
}

@inproceedings{findnew,
  author    = {Zhangquan Zhou and
               Guilin Qi and
               Boontawee Suntisrivaraporn},
  title     = {A New Method of Finding All Justifications in {OWL} 2 {EL}},
  booktitle = {2013 {IEEE/WIC/ACM} International Conferences on Web Intelligence,
               {WI} 2013, Atlanta, GA, USA, November 17-20, 2013},
  pages     = {213--220},
  year      = {2013},
  crossref  = {DBLP:conf/webi/2013},
}

@article{14a,
  author    = {Bishan Yang and
               Wen{-}tau Yih and
               Xiaodong He and
               Jianfeng Gao and
               Li Deng},
  title     = {Embedding Entities and Relations for Learning and Inference in Knowledge
               Bases},
  journal   = {CoRR},
  volume    = {abs/1412.6575},
  year      = {2014},
}

@article{S11,
  author    = {Szymon Klarman and
               Ulle Endriss and
               Stefan Schlobach},
  title     = {ABox Abduction in the Description Logic \emph{ALC}},
  journal   = {J. Autom. Reasoning},
  volume    = {46},
  number    = {1},
  pages     = {43--80},
  year      = {2011},
}

@book{SS09,
  editor = {S. Staab and R. Studer},
  publisher = {Springer-Verlag},
  title = {Handbook on Ontologies},
  year = {2009}
}

@Book{BCMNP03,
  Editor    = {F. Baader and D. Calvanese and D. L. McGuinness and D. Nardi and
               P. F. Patel-Schneider},
  Title     = {The Description Logic Handbook: Theory, Implementation,
               and Applications},
  Publisher = {Cambridge University Press},
  Year      = {2003}
}

@Article{HPH03,
  author    = {I. Horrocks and P. F. Patel-Schneider and F. van Harmelen},
  title     = {From $\mathcal{SHIQ}$ and {RDF} to {OWL}: the making of a Web Ontology Language},
  journal   = {Journal of Web Semantics},
  volume    = {1},
  number    = {1},
  year      = {2003},
  pages     = {7-26}
}

@Article{LL13,
  author    = {P. Lambrix and Q. Liu},
  title     = {Debugging the missing is-a structure within taxonomies networked by
               partial reference alignments},
  journal   = {Data \& Knowledge Engineering},
  volume    = {86},
  pages     = {179-205},
  year      = {2013}
}

@Inproceedings{WDL14,
  author    = {F. Wei{-}Kleiner and Z. Dragisic and P. Lambrix},
  title     = {Abduction Framework for Repairing Incomplete {EL} Ontologies: Complexity
               Results and Algorithms},
  booktitle = {Proceedings of the 28th {AAAI} Conference on Artificial Intelligence (AAAI)},
  pages     = {1120-1127},
  year      = {2014}
}

@Article{EG95,
  author    = {T. Eiter and G. Gottlob},
  title     = {The Complexity of Logic-Based Abduction},
  journal   = {Journal of the ACM},
  volume    = {42},
  number    = {1},
  year      = {1995},
  pages     = {3-42}
}

@Inproceedings{RNM05,
  author    = {Rajat Raina and
               Andrew Y. Ng and
               Christopher D. Manning},
  title     = {Robust Textual Inference Via Learning and Abductive Reasoning},
  booktitle = {Proceedings of the 20th National Conference on Artificial Intelligence (AAAI)},
  pages     = {1099-1105},
  year      = {2005}
}

@Inproceedings{EKS06,
  author    = {C. Elsenbroich and O. Kutz and U. Sattler},
  title     = {A Case for Abductive Reasoning over Ontologies},
  booktitle = {Proceedings of the 3rd OWLED Workshop on OWL: Experiences and Directions},
  year      = {2006}
}

@Inproceedings{HBK14,
  author    = {K. Halland and A. Britz and S. Klarman},
  title     = {{TBox} Abduction in {ALC} Using a {DL} Tableau},
  booktitle = {Proceedings of the 27th International Workshop on Description Logics},
  pages     = {556-566},
  year      = {2014}
}

@Inproceedings{lunyu,
  title		= {On the Logical Nature of Pragmatic Inference},
  author	= {Jiang Yan},
  booktitle	= {Journal of Foreign Languages},
  pages		= {18--29},
  year		= {2002}
}

@Inproceedings{KPHS07,
  author    = {A. Kalyanpur and B. Parsia and M. Horridge and E. Sirin},
  title     = {Finding All Justifications of {OWL DL} Entailments},
  booktitle = {Proceedings of the 6th International Semantic Web Conference (ISWC)},
  year      = {2007},
  pages     = {267-280}
}

@Inproceedings{DWS15,
  author    = {J. Du and K. Wang and Y. Shen},
  title     = {Towards Tractable and Practical {ABox} Abduction over Inconsistent Description Logic Ontologies},
  booktitle = {Proceedings of the 29th AAAI Conference on Artificial Intelligence (AAAI)},
  year      = {2015},
  pages     = {1489-1495}
}

@Inproceedings{SQJH08,
  author    = {B. Suntisrivaraporn and G. Qi and Q. Ji and P. Haase},
  title     = {A Modularization-Based Approach to Finding All Justifications
               for {OWL DL} Entailments},
  booktitle = {Proceedings of the 3rd Asian Semantic Web Conference (ASWC)},
  year      = {2008},
  pages     = {1-15}
}

@Inproceedings{HLP10,
  author    = {T. Hubauer and S. Lamparter and M. Pirker},
  title     = {Automata-Based Abduction for Tractable Diagnosis},
  booktitle = {Proceedings of the 23rd International Workshop on Description Logics},
  year      = {2010}
}

@Inproceedings{LDI12,
  author    = {P. Lambrix and Z. Dragisic and V. Ivanova},
  title     = {Get My Pizza Right: Repairing Missing is-a Relations in $\mathcal{ALC}$ Ontologies},
  booktitle = {Proceedings of the 2nd Joint International Semantic Technology Conference (JIST)},
  pages     = {17-32},
  year      = {2012}
}

@Inproceedings{CNSDM04,
  author    = {S. Colucci and T. Di Noia and E. Di Sciascio and F. M. Donini and M. Mongiello},
  title     = {A Uniform Tableaux-Based Approach to Concept Abduction and
               Contraction in $\mathcal{ALN}$},
  booktitle = {Proceedings of the 17th International Workshop on Description Logics},
  year      = {2004}
}

@Inproceedings{Bie08,
  author    = {M. Bienvenu},
  title     = {Complexity of Abduction in the $\mathcal{EL}$ Family of Lightweight Description Logics},
  booktitle = {Proceedings of the 11th International Conference on Principles of Knowledge Representation and Reasoning (KR)},
  year      = {2008},
  pages     = {220-230}
}

@Inproceedings{NSD09,
  author    = {T. Di Noia and E. Di Sciascio and F. M. Donini},
  title     = {A Tableaux-based calculus for Abduction in Expressive Description
               Logics: Preliminary Results},
  booktitle = {Proceedings of the 22nd International Workshop on Description Logics},
  year      = {2009}
}

@Article{KES11,
  author    = {S. Klarman and U. Endriss and S. Schlobach},
  title     = {{ABox} Abduction in the Description Logic {$\mathcal{ALC}$}},
  journal   = {Journal of Automated Reasoning},
  volume    = {46},
  number    = {1},
  year      = {2011},
  pages     = {43-80}
}

@Article{COSS13,
  author    = {D. Calvanese and M. Ortiz and M. Simkus and G. Stefanoni},
  title     = {Reasoning about Explanations for Negative Query Answers in {DL-Lite}},
  journal   = {Journal of Artificial Intelligence Research},
  volume    = {48},
  year      = {2013},
  pages     = {635-669}
}

@Inproceedings{DQSP11,
  author    = {J. Du and G. Qi and Y. Shen and J. Z. Pan},
  title     = {Towards Practical {ABox} Abduction in Large {OWL DL} Ontologies},
  booktitle = {Proceedings of the 25th National Conference on Artificial Intelligence (AAAI)},
  pages     = {1160-1165},
  year      = {2011}
}

@Inproceedings{DWS14,
  author    = {J. Du and K. Wang and Y. Shen},
  title     = {A Tractable Approach to {ABox} Abduction over Description Logic Ontologies},
  booktitle = {Proceedings of the 28th AAAI Conference on Artificial Intelligence (AAAI)},
  year      = {2014},
  pages     = {1034-1040}
}

@Inproceedings{DWS15,
  author    = {J. Du and K. Wang and Y. Shen},
  title     = {Towards Tractable and Practical {ABox} Abduction over Inconsistent Description Logic Ontologies},
  booktitle = {Proceedings of the 29th AAAI Conference on Artificial Intelligence (AAAI)},
  year      = {2015},
  pages     = {1489-1495}
}

@Inproceedings{HKS06,
  author 	= {I. Horrocks and O. Kutz and U. Sattler},
  title 	= {The Even More Irresistible $\mathcal{SROIQ}$},
  booktitle = {Proceedings of the 10th International Conference on Principles of Knowledge Representation and Reasoning (KR)},
  year 		= {2006},
  pages 	= {57-67}
}

@Inproceedings{DQF14,
  author    = {J. Du and G. Qi and X. Fu},
  title     = {A Practical Fine-grained Approach to Resolving Incoherent {OWL} 2 {DL} Terminologies},
  booktitle = {Proceedings of the 23rd {ACM} International Conference on Conference
               on Information and Knowledge Management (CIKM)},
  pages     = {919-928},
  year      = {2014}
}

@Inproceedings{Jun04,
  author    = {U. Junker},
  title     = {{QUICKXPLAIN}: Preferred Explanations and Relaxations for
               Over-Constrained Problems},
  booktitle = {Proceedings of the 19th National Conference on Artificial Intelligence (AAAI)},
  year      = {2004},
  pages     = {167-172}
}

@Article{SPGKK07,
  author    = {E. Sirin and B. Parsia and B. C. Grau and A. Kalyanpur and Y. Katz},
  title     = {Pellet: A practical {OWL}-{DL} reasoner},
  journal   = {Journal of Web Semantics},
  volume    = {5},
  number    = {2},
  year      = {2007},
  pages     = {51-53}
}

@Inproceedings{GHKS07,
  author    = {B. C. Grau and I. Horrocks and Y. Kazakov and U. Sattler},
  title     = {Just the right amount: extracting modules from ontologies},
  booktitle = {Proceedings of the 16th International Conference on World Wide Web (WWW)},
  pages     = {717-726},
  year      = {2007}
}

@Article{GPH05,
    Author       = "Y. Guo and Z. Pan and J. Heflin",
    Year         = "2005",
    Title        = "{LUBM}: A benchmark for {OWL} knowledge base systems",
    Journal      = "Journal of Web Semantics",
    Volume       = "3",
    Number       = "2-3",
    Pages        = "158-182"
}

@Inproceedings{MYQXPL06,
  editor    = {Y. Sure and J. Domingue},
  author    = {L. Ma and Y. Yang and Z. Qiu and G. Xie and Y. Pan and S. Liu},
  title     = {Towards a Complete {OWL} Ontology Benchmark},
  booktitle = {Proceedings of the 3rd European Semantic Web Conference (ESWC)},
  year      = {2006},
  pages     = {125-139}
}

@Inproceedings{KS15,
  author    = {P. Koopmann and R. A. Schmidt},
  title     = {{LETHE:} Saturation-Based Reasoning for Non-Standard Reasoning Tasks},
  booktitle = {Informal Proceedings of the 4th International Workshop on {OWL} Reasoner
               Evaluation (ORE)},
  pages     = {23-30},
  year      = {2015}
}

@Inproceedings{SF10,
  author    = {K. M. Shchekotykhin and G. Friedrich},
  title     = {Query Strategy for Sequential Ontology Debugging},
  booktitle = {Proceedings of the 9th International Semantic Web Conference (ISWC)},
  year      = {2010},
  pages     = {696-712}
}
